@book{Keith2010,
    title = {{Agile Game Development with Scrum}},
    year = {2010},
    booktitle = {Vasa},
    author = {Keith, Clinton},
    isbn = {0321618521},
    doi = {2010006513}
}

@incollection{OConnor2017a,
    title = {{Systematic reviews}},
    year = {2017},
    booktitle = {Veterinary Epidemiology: Fourth Edition},
    author = {O'Connor, Annette and Sargeant, Jan and Wood, Hannah},
    isbn = {9781118280249},
    doi = {10.1002/9781118280249.ch19},
    issn = {20436289},
    pmid = {21674473},
    arxivId = {NIHMS150003},
    keywords = {Conduct, Evidence synthesis, Extensive literature search, Interpretation, Meta-analysis, Planning, Systematic reviews}
}

@article{Padilha2013,
    title = {{Analisando a Contribuição do Uso do Jogo Educativo Soletrando para as Aulas de Português: um relato de experiência}},
    author = {Padilha, Thereza Patricia Pereira},
    issn = {2318-4051},
    keywords = {Jogo educativo; Soletrando; Apropriação de conteúdo},
    volume = {3},
    year = {2013}
}

@article{Takahashi,
    title = {{Sociedade da Informação: ciência e tecnologia para a construção da Sociedade da Informação no Brasil}},
    author = {Tadao Takahashi},
    keywords = {Jogo educativo; Soletrando; Apropriação de conteúdo},
    pages = {11},
    year = {1998}
}

@article{Cotonhoto2016,
    title = {{Prática de jogos eletrônicos por crianças pequenas: o que dizem as pesquisas recentes?}},
    author = {Larissy Alves Cotonhoto and Claudia Broetto Rossetti},
    issn = {0103-8486},
    keywords = {Jogos de vídeo; Criança; Educação infantil; Psicologia do desenvolvimento.},
    volume = {33},
    year = {2016}
}

@article{Lepikson,
    title = {{Brincando na web: descrição e análise das atividades lúdicas desempenhadas por crianças de cinco a 12 anos na internet [Dissertação de Mestrado]}},
    author = {Bianca Becker Lepikson},
    keywords = {Atividades Lúdicas; Internet; Gênero; Cultura de pares; Reprodução interpretativa},
    year = {2013}
}

@article{Ramos,
    title = {{Jogos eletrônicos e juízo moral: um estudo com adolescentes do ensino médio}},
    author = {Daniela Karine Ramos},
    keywords = { jogos de computador; moral; juízo moral; adolescentes; teste de juízo moral},
    year = {2012}
}

@article{Cairoli,
    title = {{A Criança e o Brincar na Contemporaneidade}},
    author = {Priscilla Cairoli},
    keywords = {criança; brinquedos; televisão; videogame; Internet},
    issn = {2175-5027},
    year = {2010}
}

@article{An2013,
    title = {{Digita - um Jogo Educativo de Apoio ao Processo de Alfabetização Infantil}},
    author = {An, Ding Yih and {Da Silva}, Cesar Dick and Ribeiro, Danton Moura G. and {Da Rocha}, Perla Batista R. and Maltinti, Caio and Nunes, Vanessa Battestin and Fávero, Rutinelli},
    doi = {10.5753},
    year = {2013}
}

@article{Schmidt2017,
    title = {{Os jogos educativos digitais na educação infantil}},
    author = {Schmidt, Aline},
    keywords = {Educação Infantil; Jogos Educativos Digitais; Ensino-Aprendizagem},
    year = {2017}
}

@article{Tarouco,
    title = {{Jogos Educacionais}},
    author = {Liane Margarida Rockenbach Tarouco and Letícia Coelho Roland and Marie-Christine Julie Mascarenhas Fabre and Mary Lúcia Pedroso Konrath},
    keywords = {jogos educacionais; Macromedia Flash MX},
    year = {2004}
}

@article{Lopes,
    title = {{A introdução da informática no ambiente escolar}},
    author = {José Junio Lopes},
    year = {2004}
}

@article{Tielllet,
    title = {{Atividades digitais: seu uso para o desenvolvimento de habilidades cognitivas}},
    author = {Cláudio Afonso Tiellet and Gilse Antoninha Morgental Falkembach and Nires Metilde Colleto and Larisa Rosa dos Santos and Patric da Silva Ribeiro},
    keywords = {processo de aprendizagem; jogos educacionais; ludicidade digital},
    issn = {1679-1916},
    year = {2007}
}


@article{Referencial1998,
    title = {{Referencial curricular nacional para a educação infantil/Ministério da Educação e do Desporto, Secretaria de Educação Fundamental.}},
    author = {{Brasil and Ministério da Educação e do Desporto and Secretaria de Educação Fundamental}},
    year = {1998}
}

@article{Diretrizes2013,
    title = {{Diretrizes Curriculares Nacionais Gerais da Educação Básica/Ministério da Educação}},
    author = {Brasil and Ministério da Educação and Secretaria de Educação Básica and Secretaria de Educação Continuada, Alfabetização, Diversidade e Inclusão and Conselho Nacional da Educação},
    year = {2013}
}

@article{Base2017,
    title = {{Base Nacional Comum Curricular: Educação Infantil e Ensino Fundamental}},
    author = {Brasil and Ministério da Educação},
    year = {2017}
}

@book{Somerville2011,
    title = {{Engenharia de Software / Ian Sommerville; tradução Ivan Bosnic e Kalinka G. de O. Gonçalves; revisão técnica Kechi Hirama. }},
    year = {2011},
    booktitle = {Vasa},
    author = {Sommerville, Ian},
    isbn = {978-85-7936-108-1},
}


